@article{zhang2018graphit,
  title={GraphIt: A High-Performance DSL for Graph Analytics},
  author={Zhang, Yunming and Yang, Mengjiao and Baghdadi, Riyadh and Kamil, Shoaib and Shun, Julian and Amarasinghe, Saman},
  journal={arXiv preprint arXiv:1805.00923},
  year={2018}
}